
// Here there are three dummy .bib entries for your bibliography

@book{anderson2022data,
  title     = {Data Science for Environmental Research: Methods and Applications},
  author    = {Anderson, Sarah L. and Wilson, David M.},
  publisher = {Academic Press},
  year      = {2022},
  address   = {New York},
  edition   = {2nd}
}

@inproceedings{garcia2024sustainable,
  title        = {Sustainable Transportation Networks: A Multi-Objective Optimization Approach},
  author       = {Garcia, Carlos R. and Lee, Jennifer S. and Kumar, Raj P.},
  booktitle    = {Proceedings of the International Conference on Smart Cities},
  pages        = {78--85},
  year         = {2024},
  organization = {IEEE},
  address      = {Barcelona, Spain}
}

@article{smith2023machine,
  title     = {Machine Learning Applications in Urban Planning: A Comprehensive Review},
  author    = {Smith, John A. and Johnson, Emily R. and Brown, Michael K.},
  journal   = {Urban Studies Journal},
  volume    = {45},
  number    = {3},
  pages     = {123--145},
  year      = {2023},
  publisher = {Urban Research Press}
}